{
  "leader": "03086cam a2200481 i 4500",
  "fields": [
    {
      "001": "ocm00000211\\"
    },
    {
      "003": "OCoLC"
    },
    {
      "005": "20221229121412.0"
    },
    {
      "008": "690321s1969\\\\\\\\nyu\\\\\\\\\\\\\\\\\\\\\\001\\0beng\\\\"
    },
    {
      "010": {
        "ind1": "\\",
        "ind2": "\\",
        "subfields": [
          {
            "a": "   67022220 "
          }
        ]
      }
    },
    {
      "040": {
        "ind1": "\\",
        "ind2": "\\",
        "subfields": [
          {
            "a": "DLC"
          },
          {
            "b": "eng"
          },
          {
            "c": "DLC"
          },
          {
            "d": "MUQ"
          },
          {
            "d": "BAKER"
          },
          {
            "d": "BTCTA"
          },
          {
            "d": "OCLCG"
          },
          {
            "d": "DEBBG"
          },
          {
            "d": "OCLCO"
          },
          {
            "d": "OCLCF"
          },
          {
            "d": "OCLCQ"
          },
          {
            "d": "OCL"
          },
          {
            "d": "GL3"
          },
          {
            "d": "KPV"
          },
          {
            "d": "CNUTO"
          },
          {
            "d": "VGM"
          },
          {
            "d": "OCLCQ"
          },
          {
            "d": "CSJ"
          },
          {
            "d": "OCLCO"
          },
          {
            "d": "OCLCQ"
          },
          {
            "d": "OCLCO"
          },
          {
            "d": "TYC"
          },
          {
            "d": "ALMSI"
          },
          {
            "d": "BRL"
          },
          {
            "d": "YT6"
          },
          {
            "d": "JDP"
          },
          {
            "d": "ZID"
          },
          {
            "d": "OCLCO"
          },
          {
            "d": "OCL"
          },
          {
            "d": "CBA"
          },
          {
            "d": "OCLCO"
          },
          {
            "d": "DKC"
          },
          {
            "d": "GZN"
          },
          {
            "d": "OCLCQ"
          },
          {
            "d": "BDP"
          },
          {
            "d": "VYM"
          },
          {
            "d": "OCLCO"
          },
          {
            "d": "OCLCA"
          },
          {
            "d": "OCLCQ"
          },
          {
            "d": "OCLCO"
          }
        ]
      }
    },
    {
      "019": {
        "ind1": "\\",
        "ind2": "\\",
        "subfields": [
          {
            "a": "13816268"
          },
          {
            "a": "470096757"
          },
          {
            "a": "633944137"
          },
          {
            "a": "976638710"
          },
          {
            "a": "992092055"
          },
          {
            "a": "1003956865"
          },
          {
            "a": "1030417461"
          },
          {
            "a": "1166420606"
          },
          {
            "a": "1166576518"
          },
          {
            "a": "1277097147"
          }
        ]
      }
    },
    {
      "035": {
        "ind1": "\\",
        "ind2": "\\",
        "subfields": [
          {
            "a": "(OCoLC)211"
          },
          {
            "z": "(OCoLC)13816268"
          },
          {
            "z": "(OCoLC)470096757"
          },
          {
            "z": "(OCoLC)633944137"
          },
          {
            "z": "(OCoLC)976638710"
          },
          {
            "z": "(OCoLC)992092055"
          },
          {
            "z": "(OCoLC)1003956865"
          },
          {
            "z": "(OCoLC)1030417461"
          },
          {
            "z": "(OCoLC)1166420606"
          },
          {
            "z": "(OCoLC)1166576518"
          },
          {
            "z": "(OCoLC)1277097147"
          }
        ]
      }
    },
    {
      "037": {
        "ind1": "\\",
        "ind2": "\\",
        "subfields": [
          {
            "c": "8.95"
          }
        ]
      }
    },
    {
      "043": {
        "ind1": "\\",
        "ind2": "\\",
        "subfields": [
          {
            "a": "n-us---"
          }
        ]
      }
    },
    {
      "050": {
        "ind1": "\\",
        "ind2": "4",
        "subfields": [
          {
            "a": "E847"
          },
          {
            "b": ".G65 1969"
          }
        ]
      }
    },
    {
      "082": {
        "ind1": "0",
        "ind2": "0",
        "subfields": [
          {
            "a": "973.9230924"
          },
          {
            "b": "GOL"
          }
        ]
      }
    },
    {
      "100": {
        "ind1": "1",
        "ind2": "\\",
        "subfields": [
          {
            "a": "Goldman, Eric Frederick,"
          },
          {
            "d": "1915-1989,"
          },
          {
            "e": "author."
          }
        ]
      }
    },
    {
      "245": {
        "ind1": "1",
        "ind2": "4",
        "subfields": [
          {
            "a": "The tragedy of Lyndon Johnson /"
          },
          {
            "c": "by Eric F. Goldman."
          }
        ]
      }
    },
    {
      "250": {
        "ind1": "\\",
        "ind2": "\\",
        "subfields": [
          {
            "a": "[First edition]."
          }
        ]
      }
    },
    {
      "260": {
        "ind1": "\\",
        "ind2": "\\",
        "subfields": [
          {
            "a": "New York :"
          },
          {
            "b": "Knopf,"
          },
          {
            "c": "1969."
          }
        ]
      }
    },
    {
      "300": {
        "ind1": "\\",
        "ind2": "\\",
        "subfields": [
          {
            "a": "xii, 531, xxi pages ;"
          },
          {
            "c": "25 cm"
          }
        ]
      }
    },
    {
      "336": {
        "ind1": "\\",
        "ind2": "\\",
        "subfields": [
          {
            "a": "text"
          },
          {
            "b": "txt"
          },
          {
            "2": "rdacontent"
          }
        ]
      }
    },
    {
      "337": {
        "ind1": "\\",
        "ind2": "\\",
        "subfields": [
          {
            "a": "unmediated"
          },
          {
            "b": "n"
          },
          {
            "2": "rdamedia"
          }
        ]
      }
    },
    {
      "338": {
        "ind1": "\\",
        "ind2": "\\",
        "subfields": [
          {
            "a": "volume"
          },
          {
            "b": "nc"
          },
          {
            "2": "rdacarrier"
          }
        ]
      }
    },
    {
      "500": {
        "ind1": "\\",
        "ind2": "\\",
        "subfields": [
          {
            "a": "Includes index."
          }
        ]
      }
    },
    {
      "505": {
        "ind1": "0",
        "ind2": "\\",
        "subfields": [
          {
            "a": "Call from the White House -- JFK, with a difference -- Old Jim, economy and the consensus -- Prime Minister Johnson -- LBJ takes over -- The Johnson men -- Ideas, tomorrow -- Confidently, warily -- The matter of a Vice-President -- The Prize -- Muted mandate -- the great drive -- Lady Bird -- \"No more Munichs\" -- Jackrabbit hunkered up -- The President and the Intellectuals -- Time to leave -- Tragic figure."
          }
        ]
      }
    },
    {
      "583": {
        "ind1": "\\",
        "ind2": "\\",
        "subfields": [
          {
            "a": "commitment to retain"
          },
          {
            "c": "20151204"
          },
          {
            "2": "pda"
          },
          {
            "5": "OTUTLD"
          }
        ]
      }
    },
    {
      "520": {
        "ind1": "\\",
        "ind2": "\\",
        "subfields": [
          {
            "a": "The author, who served as Special Consultant to President Johnson in the latter's effort to establish a link between the federal government and the American intellectual community, describes his experiences. He discusses the national and international political events that he was witness to, and the effect of President Johnson's complex nature on those events and on those around him."
          }
        ]
      }
    },
    {
      "600": {
        "ind1": "1",
        "ind2": "0",
        "subfields": [
          {
            "a": "Johnson, Lyndon B."
          },
          {
            "q": "(Lyndon Baines),"
          },
          {
            "d": "1908-1973."
          }
        ]
      }
    },
    {
      "651": {
        "ind1": "\\",
        "ind2": "0",
        "subfields": [
          {
            "a": "United States"
          },
          {
            "x": "Politics and government"
          },
          {
            "y": "1963-1969."
          }
        ]
      }
    },
    {
      "600": {
        "ind1": "1",
        "ind2": "7",
        "subfields": [
          {
            "a": "Johnson, Lyndon B."
          },
          {
            "q": "(Lyndon Baines),"
          },
          {
            "d": "1908-1973"
          },
          {
            "2": "fast"
          },
          {
            "0": "(OCoLC)fst00048810"
          }
        ]
      }
    },
    {
      "650": {
        "ind1": "\\",
        "ind2": "7",
        "subfields": [
          {
            "a": "Politics and government"
          },
          {
            "2": "fast"
          },
          {
            "0": "(OCoLC)fst01919741"
          }
        ]
      }
    },
    {
      "651": {
        "ind1": "\\",
        "ind2": "7",
        "subfields": [
          {
            "a": "United States."
          },
          {
            "2": "fast"
          },
          {
            "0": "(OCoLC)fst01204155"
          }
        ]
      }
    },
    {
      "648": {
        "ind1": "\\",
        "ind2": "7",
        "subfields": [
          {
            "a": "1963-1969"
          },
          {
            "2": "fast"
          }
        ]
      }
    },
    {
      "655": {
        "ind1": "\\",
        "ind2": "2",
        "subfields": [
          {
            "a": "Biography"
          }
        ]
      }
    },
    {
      "655": {
        "ind1": "\\",
        "ind2": "7",
        "subfields": [
          {
            "a": "Biographies."
          },
          {
            "2": "fast"
          },
          {
            "0": "(OCoLC)fst01919896"
          }
        ]
      }
    },
    {
      "655": {
        "ind1": "\\",
        "ind2": "7",
        "subfields": [
          {
            "a": "Biographies."
          },
          {
            "2": "lcgft"
          }
        ]
      }
    },
    {
      "776": {
        "ind1": "0",
        "ind2": "8",
        "subfields": [
          {
            "i": "Online version:"
          },
          {
            "a": "Goldman, Eric Frederick, 1915-1989."
          },
          {
            "t": "Tragedy of Lyndon Johnson."
          },
          {
            "b": "[1st ed.]."
          },
          {
            "d": "New York, Knopf, 1969"
          },
          {
            "w": "(OCoLC)565134012"
          }
        ]
      }
    },
    {
      "776": {
        "ind1": "0",
        "ind2": "8",
        "subfields": [
          {
            "i": "Online version:"
          },
          {
            "a": "Goldman, Eric Frederick, 1915-1989."
          },
          {
            "t": "Tragedy of Lyndon Johnson."
          },
          {
            "b": "[1st ed.]."
          },
          {
            "d": "New York, Knopf, 1969"
          },
          {
            "w": "(OCoLC)609098811"
          }
        ]
      }
    },
    {
      "994": {
        "ind1": "\\",
        "ind2": "\\",
        "subfields": [
          {
            "a": "Z0"
          },
          {
            "b": "NYRVC"
          }
        ]
      }
    },
    {
      "948": {
        "ind1": "\\",
        "ind2": "\\",
        "subfields": [
          {
            "h": "NO HOLDINGS IN NYRVC - 2068 OTHER HOLDINGS"
          }
        ]
      }
    },
    {
      "999": {
        "ind1": "\\",
        "ind2": "\\",
        "subfields": [
          {
            "a": "00000000017860"
          }
        ]
      }
    }
  ]
}